%% This BibTeX bibliography file was created using BibDesk.
%% http://bibdesk.sourceforge.net/


%% Created for labinho at 2017-05-18 22:51:14 +0200 


%% Saved with string encoding Unicode (UTF-8) 



@book{:TabellenbuchMetall,
	Date-Added = {2017-05-18 16:57:08 +0000},
	Date-Modified = {2017-05-18 16:58:33 +0000},
	Title = {Tabellenbuch Metallbau}}
