%% This BibTeX bibliography file was created using BibDesk.
%% http://bibdesk.sourceforge.net/


%% Created for labinho at 2017-05-26 19:44:07 +0200 


%% Saved with string encoding Unicode (UTF-8) 



@url{:kickstarter,
	Author = {RP3d},
	Date-Added = {2017-05-26 17:14:01 +0000},
	Date-Modified = {2017-05-26 17:15:13 +0000},
	Title = {The MicroMill - A desktop CNC milling machine},
	Url = {https://www.kickstarter.com/projects/rp3d/the-micromill-a-desktop-cnc-milling-machine},
	Urldate = {11.04.2017},
	Bdsk-Url-1 = {https://www.kickstarter.com/projects/rp3d/the-micromill-a-desktop-cnc-milling-machine/updates}}

@book{:TabellenbuchMetall,
	Date-Added = {2017-05-26 16:24:08 +0000},
	Date-Modified = {2017-05-26 16:24:08 +0000},
	Title = {Tabellenbuch Metallbau}}

@url{:Heinz_CNC_3.0,
	Author = {Heinz, Norbert},
	Date-Added = {2017-05-24 16:20:30 +0000},
	Date-Modified = {2017-05-26 17:29:54 +0000},
	Keywords = {Pappe, B{\"u}roklammern, Servo, Arduino Uno, LCD display },
	Title = {CNC V3.0},
	Url = {http://homofaciens.de/technics-machines-cnc-v3-0_ge.htm},
	Bdsk-File-1 = {YnBsaXN0MDDUAQIDBAUGJCVYJHZlcnNpb25YJG9iamVjdHNZJGFyY2hpdmVyVCR0b3ASAAGGoKgHCBMUFRYaIVUkbnVsbNMJCgsMDxJXTlMua2V5c1pOUy5vYmplY3RzViRjbGFzc6INDoACgAOiEBGABIAFgAdccmVsYXRpdmVQYXRoWWFsaWFzRGF0YV4uLi8uLi9DTkNfdjNfMNIXCxgZV05TLmRhdGFPEQHQAAAAAAHQAAIAAQxNYWNpbnRvc2ggSEQAAAAAAAAAAAAAAAAAAADMzCakSCsAAAGE3+cIQ05DX3YzXzAAAAAAAAAAAAAAAAAAAAAAAAAAAAAAAAAAAAAAAAAAAAAAAAAAAAAAAAAAAAAAAAAAAAAAAAAAAYUC9NQripYAAAAAAAAAAAACAAEAAAkgAAAAAAAAAAAAAAAAAAAAA0NOQwAAEAAIAADMzBiUAAAAEQAIAADUK252AAAAAQAYAYTf5wFq7b8BF7JIAAXOcQAFzNIAAgY6AAIAYk1hY2ludG9zaCBIRDpVc2VyczoAY2hyaXN0b3BoZXJsYWJpc2NoOgBEZXNrdG9wOgBQcm9qZWt0ZToATWVjaGFuaWsgdW5kIE1lY2hhdHJvbmlrOgBDTkM6AENOQ192M18wAA4AEgAIAEMATgBDAF8AdgAzAF8AMAAPABoADABNAGEAYwBpAG4AdABvAHMAaAAgAEgARAASAE9Vc2Vycy9jaHJpc3RvcGhlcmxhYmlzY2gvRGVza3RvcC9Qcm9qZWt0ZS9NZWNoYW5payB1bmQgTWVjaGF0cm9uaWsvQ05DL0NOQ192M18wAAATAAEvAAAVAAIAGf//AACABtIbHB0eWiRjbGFzc25hbWVYJGNsYXNzZXNdTlNNdXRhYmxlRGF0YaMdHyBWTlNEYXRhWE5TT2JqZWN00hscIiNcTlNEaWN0aW9uYXJ5oiIgXxAPTlNLZXllZEFyY2hpdmVy0SYnVHJvb3SAAQAIABEAGgAjAC0AMgA3AEAARgBNAFUAYABnAGoAbABuAHEAcwB1AHcAhACOAJ0AogCqAn4CgAKFApACmQKnAqsCsgK7AsACzQLQAuIC5QLqAAAAAAAAAgEAAAAAAAAAKAAAAAAAAAAAAAAAAAAAAuw=},
	Bdsk-File-2 = {YnBsaXN0MDDUAQIDBAUGJCVYJHZlcnNpb25YJG9iamVjdHNZJGFyY2hpdmVyVCR0b3ASAAGGoKgHCBMUFRYaIVUkbnVsbNMJCgsMDxJXTlMua2V5c1pOUy5vYmplY3RzViRjbGFzc6INDoACgAOiEBGABIAFgAdccmVsYXRpdmVQYXRoWWFsaWFzRGF0YW8QPgAuAC4ALwAuAC4ALwBWAGkAZABlAG8AcwAvAEMATgBDAC0ATQBhAHMAYwBoAGkAbgBlACAAVgAzAC4AMAAgAGEAdQBzACAAUABhAHAAcABlACAAdQBuAGQAIABCAHUDCAByAG8AawBsAGEAbQBtAGUAcgBuAC4AbQBwADTSFwsYGVdOUy5kYXRhTxECeAAAAAACeAACAAAMTWFjaW50b3NoIEhEAAAAAAAAAAAAAAAAAAAAzMwmpEgrAAABhQKnH0NOQy1NYXNjaGluZSBWMy4wIGEjMTg1MDJDMy5tcDQAAAAAAAAAAAAAAAAAAAAAAAAAAAAAAAAAAAAAAAAAAAGFAsPVQ5ICAAAAAAAAAAAAAgACAAAJIAAAAAAAAAAAAAAAAAAAAAZWaWRlb3MAEAAIAADMzBiUAAAAEQAIAADVQ3XiAAAAAQAcAYUCpwGE3+cBau2/AReySAAFznEABczSAAIGOgACAIFNYWNpbnRvc2ggSEQ6VXNlcnM6AGNocmlzdG9waGVybGFiaXNjaDoARGVza3RvcDoAUHJvamVrdGU6AE1lY2hhbmlrIHVuZCBNZWNoYXRyb25pazoAQ05DOgBWaWRlb3M6AENOQy1NYXNjaGluZSBWMy4wIGEjMTg1MDJDMy5tcDQAAA4AZAAxAEMATgBDAC0ATQBhAHMAYwBoAGkAbgBlACAAVgAzAC4AMAAgAGEAdQBzACAAUABhAHAAcABlACAAdQBuAGQAIABCAHUDCAByAG8AawBsAGEAbQBtAGUAcgBuAC4AbQBwADQADwAaAAwATQBhAGMAaQBuAHQAbwBzAGgAIABIAEQAEgCAVXNlcnMvY2hyaXN0b3BoZXJsYWJpc2NoL0Rlc2t0b3AvUHJvamVrdGUvTWVjaGFuaWsgdW5kIE1lY2hhdHJvbmlrL0NOQy9WaWRlb3MvQ05DLU1hc2NoaW5lIFYzLjAgYXVzIFBhcHBlIHVuZCBCdcyIcm9rbGFtbWVybi5tcDQAEwABLwAAFQACABn//wAAgAbSGxwdHlokY2xhc3NuYW1lWCRjbGFzc2VzXU5TTXV0YWJsZURhdGGjHR8gVk5TRGF0YVhOU09iamVjdNIbHCIjXE5TRGljdGlvbmFyeaIiIF8QD05TS2V5ZWRBcmNoaXZlctEmJ1Ryb290gAEACAARABoAIwAtADIANwBAAEYATQBVAGAAZwBqAGwAbgBxAHMAdQB3AIQAjgENARIBGgOWA5gDnQOoA7EDvwPDA8oD0wPYA+UD6AP6A/0EAgAAAAAAAAIBAAAAAAAAACgAAAAAAAAAAAAAAAAAAAQE}}

@url{:Heinz_CNC_3.1,
	Author = {Heinz, Norbert},
	Date-Added = {2017-05-24 16:20:28 +0000},
	Date-Modified = {2017-05-26 17:34:13 +0000},
	Keywords = {Linearantrieb, Drucker, Arduino Uno, H-Br{\"u}cke, Gabellichtschranke, Spindel, B{\"u}rstenmotor, Rotationsencoder, optische Maus, Schrittmotor, Relais, Druckkopf},
	Title = {CNC V3.1 - Linearantriebe und Eigenbau-Drucker},
	Url = {http://homofaciens.de/technics-machines-cnc-v3-1_ge.htm},
	Bdsk-File-1 = {YnBsaXN0MDDUAQIDBAUGJCVYJHZlcnNpb25YJG9iamVjdHNZJGFyY2hpdmVyVCR0b3ASAAGGoKgHCBMUFRYaIVUkbnVsbNMJCgsMDxJXTlMua2V5c1pOUy5vYmplY3RzViRjbGFzc6INDoACgAOiEBGABIAFgAdccmVsYXRpdmVQYXRoWWFsaWFzRGF0YV4uLi8uLi9DTkNfdjNfMdIXCxgZV05TLmRhdGFPEQHQAAAAAAHQAAIAAQxNYWNpbnRvc2ggSEQAAAAAAAAAAAAAAAAAAADMzCakSCsAAAGE3+cIQ05DX3YzXzEAAAAAAAAAAAAAAAAAAAAAAAAAAAAAAAAAAAAAAAAAAAAAAAAAAAAAAAAAAAAAAAAAAAAAAAAAAYUC9dOFxgwAAAAAAAAAAAACAAEAAAkgAAAAAAAAAAAAAAAAAAAAA0NOQwAAEAAIAADMzBiUAAAAEQAIAADThansAAAAAQAYAYTf5wFq7b8BF7JIAAXOcQAFzNIAAgY6AAIAYk1hY2ludG9zaCBIRDpVc2VyczoAY2hyaXN0b3BoZXJsYWJpc2NoOgBEZXNrdG9wOgBQcm9qZWt0ZToATWVjaGFuaWsgdW5kIE1lY2hhdHJvbmlrOgBDTkM6AENOQ192M18xAA4AEgAIAEMATgBDAF8AdgAzAF8AMQAPABoADABNAGEAYwBpAG4AdABvAHMAaAAgAEgARAASAE9Vc2Vycy9jaHJpc3RvcGhlcmxhYmlzY2gvRGVza3RvcC9Qcm9qZWt0ZS9NZWNoYW5payB1bmQgTWVjaGF0cm9uaWsvQ05DL0NOQ192M18xAAATAAEvAAAVAAIAGf//AACABtIbHB0eWiRjbGFzc25hbWVYJGNsYXNzZXNdTlNNdXRhYmxlRGF0YaMdHyBWTlNEYXRhWE5TT2JqZWN00hscIiNcTlNEaWN0aW9uYXJ5oiIgXxAPTlNLZXllZEFyY2hpdmVy0SYnVHJvb3SAAQAIABEAGgAjAC0AMgA3AEAARgBNAFUAYABnAGoAbABuAHEAcwB1AHcAhACOAJ0AogCqAn4CgAKFApACmQKnAqsCsgK7AsACzQLQAuIC5QLqAAAAAAAAAgEAAAAAAAAAKAAAAAAAAAAAAAAAAAAAAuw=},
	Bdsk-File-2 = {YnBsaXN0MDDUAQIDBAUGJCVYJHZlcnNpb25YJG9iamVjdHNZJGFyY2hpdmVyVCR0b3ASAAGGoKgHCBMUFRYaIVUkbnVsbNMJCgsMDxJXTlMua2V5c1pOUy5vYmplY3RzViRjbGFzc6INDoACgAOiEBGABIAFgAdccmVsYXRpdmVQYXRoWWFsaWFzRGF0YV8QPi4uLy4uL1ZpZGVvcy9FaWdlbmJhdS1EcnVja2VyIGF1cyBFaWdlbmJhdS1MaW5lYXJhbnRyaWViZW4ubXA00hcLGBlXTlMuZGF0YU8RAngAAAAAAngAAgAADE1hY2ludG9zaCBIRAAAAAAAAAAAAAAAAAAAAMzMJqRIKwAAAYUCpx9FaWdlbmJhdS1EcnVja2VyIGF1IzE4NTAzQ0UubXA0AAAAAAAAAAAAAAAAAAAAAAAAAAAAAAAAAAAAAAAAAAABhQPO1UOTNwAAAAAAAAAAAAIAAgAACSAAAAAAAAAAAAAAAAAAAAAGVmlkZW9zABAACAAAzMwYlAAAABEACAAA1UN3FwAAAAEAHAGFAqcBhN/nAWrtvwEXskgABc5xAAXM0gACBjoAAgCBTWFjaW50b3NoIEhEOlVzZXJzOgBjaHJpc3RvcGhlcmxhYmlzY2g6AERlc2t0b3A6AFByb2pla3RlOgBNZWNoYW5payB1bmQgTWVjaGF0cm9uaWs6AENOQzoAVmlkZW9zOgBFaWdlbmJhdS1EcnVja2VyIGF1IzE4NTAzQ0UubXA0AAAOAGQAMQBFAGkAZwBlAG4AYgBhAHUALQBEAHIAdQBjAGsAZQByACAAYQB1AHMAIABFAGkAZwBlAG4AYgBhAHUALQBMAGkAbgBlAGEAcgBhAG4AdAByAGkAZQBiAGUAbgAuAG0AcAA0AA8AGgAMAE0AYQBjAGkAbgB0AG8AcwBoACAASABEABIAf1VzZXJzL2NocmlzdG9waGVybGFiaXNjaC9EZXNrdG9wL1Byb2pla3RlL01lY2hhbmlrIHVuZCBNZWNoYXRyb25pay9DTkMvVmlkZW9zL0VpZ2VuYmF1LURydWNrZXIgYXVzIEVpZ2VuYmF1LUxpbmVhcmFudHJpZWJlbi5tcDQAABMAAS8AABUAAgAZ//8AAIAG0hscHR5aJGNsYXNzbmFtZVgkY2xhc3Nlc11OU011dGFibGVEYXRhox0fIFZOU0RhdGFYTlNPYmplY3TSGxwiI1xOU0RpY3Rpb25hcnmiIiBfEA9OU0tleWVkQXJjaGl2ZXLRJidUcm9vdIABAAgAEQAaACMALQAyADcAQABGAE0AVQBgAGcAagBsAG4AcQBzAHUAdwCEAI4AzwDUANwDWANaA18DagNzA4EDhQOMA5UDmgOnA6oDvAO/A8QAAAAAAAACAQAAAAAAAAAoAAAAAAAAAAAAAAAAAAADxg==}}

@url{:Heinz_CNC_3.2,
	Author = {Heinz, Norbert},
	Date-Added = {2017-05-24 16:18:55 +0000},
	Date-Modified = {2017-05-26 17:44:07 +0000},
	Keywords = {Testlauf, Aufl{\"o}sung, Vierkantprofile, Standbohrmaschine, Bohren, Schraubzwinge, Gewindeschneiden, Rahmen, Kugellager, B{\"u}rstenmotor, {\"U}bersetzung, Fr{\"a}stisch, K{\"u}hlmittelkreislauf, K{\"u}hlmittelwanne, Justieren, Filter, Scheibenwischer-Pumpe, Zahnradgetriebe, },
	Title = {CNC V3.2 - Fr{\"a}se},
	Url = {http://homofaciens.de/technics-machines-cnc-v3-2_ge.htm},
	Bdsk-File-1 = {YnBsaXN0MDDUAQIDBAUGJCVYJHZlcnNpb25YJG9iamVjdHNZJGFyY2hpdmVyVCR0b3ASAAGGoKgHCBMUFRYaIVUkbnVsbNMJCgsMDxJXTlMua2V5c1pOUy5vYmplY3RzViRjbGFzc6INDoACgAOiEBGABIAFgAdccmVsYXRpdmVQYXRoWWFsaWFzRGF0YW8QMAAuAC4ALwAuAC4ALwBWAGkAZABlAG8AcwAvAEMATgBDACAAdgAzAC4AMgAgAC0AIABLAHUDCABoAGwAbQBpAHQAdABlAGwAawByAGUAaQBzAGwAYQB1AGYALgBtAHAANNIXCxgZV05TLmRhdGFPEQJOAAAAAAJOAAIAAAxNYWNpbnRvc2ggSEQAAAAAAAAAAAAAAAAAAADMzCakSCsAAAGFAqcfQ05DIHYzLjIgLSBLn2hsbWl0dCMxODUwM0QzLm1wNAAAAAAAAAAAAAAAAAAAAAAAAAAAAAAAAAAAAAAAAAAAAYUD09VDk0UAAAAAAAAAAAACAAIAAAkgAAAAAAAAAAAAAAAAAAAABlZpZGVvcwAQAAgAAMzMGJQAAAARAAgAANVDdyUAAAABABwBhQKnAYTf5wFq7b8BF7JIAAXOcQAFzNIAAgY6AAIAgU1hY2ludG9zaCBIRDpVc2VyczoAY2hyaXN0b3BoZXJsYWJpc2NoOgBEZXNrdG9wOgBQcm9qZWt0ZToATWVjaGFuaWsgdW5kIE1lY2hhdHJvbmlrOgBDTkM6AFZpZGVvczoAQ05DIHYzLjIgLSBLn2hsbWl0dCMxODUwM0QzLm1wNAAADgBIACMAQwBOAEMAIAB2ADMALgAyACAALQAgAEsAdQMIAGgAbABtAGkAdAB0AGUAbABrAHIAZQBpAHMAbABhAHUAZgAuAG0AcAA0AA8AGgAMAE0AYQBjAGkAbgB0AG8AcwBoACAASABEABIAclVzZXJzL2NocmlzdG9waGVybGFiaXNjaC9EZXNrdG9wL1Byb2pla3RlL01lY2hhbmlrIHVuZCBNZWNoYXRyb25pay9DTkMvVmlkZW9zL0NOQyB2My4yIC0gS3XMiGhsbWl0dGVsa3JlaXNsYXVmLm1wNAATAAEvAAAVAAIAGf//AACABtIbHB0eWiRjbGFzc25hbWVYJGNsYXNzZXNdTlNNdXRhYmxlRGF0YaMdHyBWTlNEYXRhWE5TT2JqZWN00hscIiNcTlNEaWN0aW9uYXJ5oiIgXxAPTlNLZXllZEFyY2hpdmVy0SYnVHJvb3SAAQAIABEAGgAjAC0AMgA3AEAARgBNAFUAYABnAGoAbABuAHEAcwB1AHcAhACOAPEA9gD+A1ADUgNXA2IDawN5A30DhAONA5IDnwOiA7QDtwO8AAAAAAAAAgEAAAAAAAAAKAAAAAAAAAAAAAAAAAAAA74=},
	Bdsk-File-2 = {YnBsaXN0MDDUAQIDBAUGJCVYJHZlcnNpb25YJG9iamVjdHNZJGFyY2hpdmVyVCR0b3ASAAGGoKgHCBMUFRYaIVUkbnVsbNMJCgsMDxJXTlMua2V5c1pOUy5vYmplY3RzViRjbGFzc6INDoACgAOiEBGABIAFgAdccmVsYXRpdmVQYXRoWWFsaWFzRGF0YV8QRC4uLy4uL1ZpZGVvcy9DTkMgdjMuMiBCYXUgZGVyIE1lY2hhbmlrIHVuZCBlaW4gd2VpdGVyZXIgVGVzdGxhdWYubXA00hcLGBlXTlMuZGF0YU8RAooAAAAAAooAAgAADE1hY2ludG9zaCBIRAAAAAAAAAAAAAAAAAAAAMzMJqRIKwAAAYUCpx9DTkMgdjMuMiBCYXUgZGVyIE1lIzE4NTAzNTYubXA0AAAAAAAAAAAAAAAAAAAAAAAAAAAAAAAAAAAAAAAAAAABhQNW1UOShQAAAAAAAAAAAAIAAgAACSAAAAAAAAAAAAAAAAAAAAAGVmlkZW9zABAACAAAzMwYlAAAABEACAAA1UN2ZQAAAAEAHAGFAqcBhN/nAWrtvwEXskgABc5xAAXM0gACBjoAAgCBTWFjaW50b3NoIEhEOlVzZXJzOgBjaHJpc3RvcGhlcmxhYmlzY2g6AERlc2t0b3A6AFByb2pla3RlOgBNZWNoYW5payB1bmQgTWVjaGF0cm9uaWs6AENOQzoAVmlkZW9zOgBDTkMgdjMuMiBCYXUgZGVyIE1lIzE4NTAzNTYubXA0AAAOAHAANwBDAE4AQwAgAHYAMwAuADIAIABCAGEAdQAgAGQAZQByACAATQBlAGMAaABhAG4AaQBrACAAdQBuAGQAIABlAGkAbgAgAHcAZQBpAHQAZQByAGUAcgAgAFQAZQBzAHQAbABhAHUAZgAuAG0AcAA0AA8AGgAMAE0AYQBjAGkAbgB0AG8AcwBoACAASABEABIAhVVzZXJzL2NocmlzdG9waGVybGFiaXNjaC9EZXNrdG9wL1Byb2pla3RlL01lY2hhbmlrIHVuZCBNZWNoYXRyb25pay9DTkMvVmlkZW9zL0NOQyB2My4yIEJhdSBkZXIgTWVjaGFuaWsgdW5kIGVpbiB3ZWl0ZXJlciBUZXN0bGF1Zi5tcDQAABMAAS8AABUAAgAZ//8AAIAG0hscHR5aJGNsYXNzbmFtZVgkY2xhc3Nlc11OU011dGFibGVEYXRhox0fIFZOU0RhdGFYTlNPYmplY3TSGxwiI1xOU0RpY3Rpb25hcnmiIiBfEA9OU0tleWVkQXJjaGl2ZXLRJidUcm9vdIABAAgAEQAaACMALQAyADcAQABGAE0AVQBgAGcAagBsAG4AcQBzAHUAdwCEAI4A1QDaAOIDcANyA3cDggOLA5kDnQOkA60DsgO/A8ID1APXA9wAAAAAAAACAQAAAAAAAAAoAAAAAAAAAAAAAAAAAAAD3g==},
	Bdsk-File-3 = {YnBsaXN0MDDUAQIDBAUGJCVYJHZlcnNpb25YJG9iamVjdHNZJGFyY2hpdmVyVCR0b3ASAAGGoKgHCBMUFRYaIVUkbnVsbNMJCgsMDxJXTlMua2V5c1pOUy5vYmplY3RzViRjbGFzc6INDoACgAOiEBGABIAFgAdccmVsYXRpdmVQYXRoWWFsaWFzRGF0YV8QLS4uLy4uL1ZpZGVvcy9GaXJzdCBydW4gb2YgbXkgRElZIENOQyB2My4yLm1wNNIXCxgZV05TLmRhdGFPEQJEAAAAAAJEAAIAAAxNYWNpbnRvc2ggSEQAAAAAAAAAAAAAAAAAAADMzCakSCsAAAGFAqcfRmlyc3QgcnVuIG9mIG15IERJWSMxODUwMkUyLm1wNAAAAAAAAAAAAAAAAAAAAAAAAAAAAAAAAAAAAAAAAAAAAYUC4tVDkkIAAAAAAAAAAAACAAIAAAkgAAAAAAAAAAAAAAAAAAAABlZpZGVvcwAQAAgAAMzMGJQAAAARAAgAANVDdiIAAAABABwBhQKnAYTf5wFq7b8BF7JIAAXOcQAFzNIAAgY6AAIAgU1hY2ludG9zaCBIRDpVc2VyczoAY2hyaXN0b3BoZXJsYWJpc2NoOgBEZXNrdG9wOgBQcm9qZWt0ZToATWVjaGFuaWsgdW5kIE1lY2hhdHJvbmlrOgBDTkM6AFZpZGVvczoARmlyc3QgcnVuIG9mIG15IERJWSMxODUwMkUyLm1wNAAADgBCACAARgBpAHIAcwB0ACAAcgB1AG4AIABvAGYAIABtAHkAIABEAEkAWQAgAEMATgBDACAAdgAzAC4AMgAuAG0AcAA0AA8AGgAMAE0AYQBjAGkAbgB0AG8AcwBoACAASABEABIAblVzZXJzL2NocmlzdG9waGVybGFiaXNjaC9EZXNrdG9wL1Byb2pla3RlL01lY2hhbmlrIHVuZCBNZWNoYXRyb25pay9DTkMvVmlkZW9zL0ZpcnN0IHJ1biBvZiBteSBESVkgQ05DIHYzLjIubXA0ABMAAS8AABUAAgAZ//8AAIAG0hscHR5aJGNsYXNzbmFtZVgkY2xhc3Nlc11OU011dGFibGVEYXRhox0fIFZOU0RhdGFYTlNPYmplY3TSGxwiI1xOU0RpY3Rpb25hcnmiIiBfEA9OU0tleWVkQXJjaGl2ZXLRJidUcm9vdIABAAgAEQAaACMALQAyADcAQABGAE0AVQBgAGcAagBsAG4AcQBzAHUAdwCEAI4AvgDDAMsDEwMVAxoDJQMuAzwDQANHA1ADVQNiA2UDdwN6A38AAAAAAAACAQAAAAAAAAAoAAAAAAAAAAAAAAAAAAADgQ==},
	Bdsk-File-4 = {YnBsaXN0MDDUAQIDBAUGJCVYJHZlcnNpb25YJG9iamVjdHNZJGFyY2hpdmVyVCR0b3ASAAGGoKgHCBMUFRYaIVUkbnVsbNMJCgsMDxJXTlMua2V5c1pOUy5vYmplY3RzViRjbGFzc6INDoACgAOiEBGABIAFgAdccmVsYXRpdmVQYXRoWWFsaWFzRGF0YV4uLi8uLi9DTkNfdjNfMtIXCxgZV05TLmRhdGFPEQHQAAAAAAHQAAIAAQxNYWNpbnRvc2ggSEQAAAAAAAAAAAAAAAAAAADMzCakSCsAAAGE3+cIQ05DX3YzXzIAAAAAAAAAAAAAAAAAAAAAAAAAAAAAAAAAAAAAAAAAAAAAAAAAAAAAAAAAAAAAAAAAAAAAAAAAAYL8MdQix9sAAAAAAAAAAAACAAEAAAkgAAAAAAAAAAAAAAAAAAAAA0NOQwAAEAAIAADMzBiUAAAAEQAIAADUIqu7AAAAAQAYAYTf5wFq7b8BF7JIAAXOcQAFzNIAAgY6AAIAYk1hY2ludG9zaCBIRDpVc2VyczoAY2hyaXN0b3BoZXJsYWJpc2NoOgBEZXNrdG9wOgBQcm9qZWt0ZToATWVjaGFuaWsgdW5kIE1lY2hhdHJvbmlrOgBDTkM6AENOQ192M18yAA4AEgAIAEMATgBDAF8AdgAzAF8AMgAPABoADABNAGEAYwBpAG4AdABvAHMAaAAgAEgARAASAE9Vc2Vycy9jaHJpc3RvcGhlcmxhYmlzY2gvRGVza3RvcC9Qcm9qZWt0ZS9NZWNoYW5payB1bmQgTWVjaGF0cm9uaWsvQ05DL0NOQ192M18yAAATAAEvAAAVAAIAGf//AACABtIbHB0eWiRjbGFzc25hbWVYJGNsYXNzZXNdTlNNdXRhYmxlRGF0YaMdHyBWTlNEYXRhWE5TT2JqZWN00hscIiNcTlNEaWN0aW9uYXJ5oiIgXxAPTlNLZXllZEFyY2hpdmVy0SYnVHJvb3SAAQAIABEAGgAjAC0AMgA3AEAARgBNAFUAYABnAGoAbABuAHEAcwB1AHcAhACOAJ0AogCqAn4CgAKFApACmQKnAqsCsgK7AsACzQLQAuIC5QLqAAAAAAAAAgEAAAAAAAAAKAAAAAAAAAAAAAAAAAAAAuw=}}

@url{:02,
	Author = {Pknoe3lh and Allted and Cary, David and Hardy},
	Date-Added = {2017-05-24 16:14:58 +0000},
	Date-Modified = {2017-05-24 16:17:53 +0000},
	Title = {CNC Mill},
	Url = {http://reprap.org/wiki/CNC_Mill},
	Urldate = {10.2016},
	Bdsk-Url-1 = {http://reprap.org/wiki/CNC_Mill}}

@url{:01,
	Author = {Black, Roman},
	Date-Added = {2017-05-24 16:13:50 +0000},
	Date-Modified = {2017-05-24 16:14:50 +0000},
	Title = {Good CNC Designs},
	Url = {http://www.romanblack.com/cnc_good.htm},
	Urldate = {02.2008},
	Bdsk-Url-1 = {http://www.romanblack.com/cnc_good.htm}}
